<?xml version="1.0" encoding="UTF-8"?><record xmlns="http://www.loc.gov/MARC21/slim" xmlns:cinclude="http://apache.org/cocoon/include/1.0" xmlns:zs="http://www.loc.gov/zing/srw/">
  <leader>00582cz  a2200145n  4500</leader>
  <controlfield tag="001">n  94065519 </controlfield>
  <controlfield tag="003">DLC</controlfield>
  <controlfield tag="005">20080503074844.0</controlfield>
  <controlfield tag="008">940708n| acannaabn          |n aaa      </controlfield>
  <datafield tag="010" ind1=" " ind2=" ">
    <subfield code="a">n  94065519 </subfield>
  </datafield>
  <datafield tag="035" ind1=" " ind2=" ">
    <subfield code="a">(OCoLC)oca03639735</subfield>
  </datafield>
  <datafield tag="040" ind1=" " ind2=" ">
    <subfield code="a">DLC</subfield>
    <subfield code="b">eng</subfield>
    <subfield code="c">DLC</subfield>
    <subfield code="d">TxSmSANB</subfield>
  </datafield>
  <datafield tag="100" ind1="1" ind2=" ">
    <subfield code="a">Tremper, Will,</subfield>
    <subfield code="d">1928-1998</subfield>
  </datafield>
  <datafield tag="670" ind1=" " ind2=" ">
    <subfield code="a">Meine wilden Jahre, 1993:</subfield>
    <subfield code="b">t.p. (Will Tremper) jkt. (b. 1928 als Gastwirtssohn in Braubach am Rhein)</subfield>
  </datafield>
  <datafield tag="670" ind1=" " ind2=" ">
    <subfield code="a">Internet movie database, May 1, 2008</subfield>
    <subfield code="b">(Will Tremper; d. 14 Dec. 1998, Munich; alternate name, Quentin Philips; writer, director, producer, actor, editor)</subfield>
  </datafield>
</record>